
@Article{GPower2007,
  author  = {Franz Faul and Edgar Erdfelder and Albert-Georg Lang and Axel Buchner},
  journal = {Behavior Research Methods},
  title   = {G*Power 3: A flexible statistical power analysis program for the social, behavioral, and biomedical sciences},
  year    = {2007},
  issn    = {1554-351X},
  pages   = {175-191},
  volume  = {39},
  doi     = {10.3758/bf03193146},
}

@Article{GPower2009,
  author  = {Franz Faul and Edgar Erdfelder and Axel Buchner and Albert-Georg Lang},
  journal = {Behavior Research Methods},
  title   = {Statistical power analyses using G*Power 3.1: Tests for correlation and regression analyses},
  year    = {2009},
  issn    = {1554-351X},
  pages   = {1149-1160},
  volume  = {41},
  doi     = {10.3758/brm.41.4.1149},
}
